@article{bell1978neonatal,
  title={Neonatal necrotizing enterocolitis. Therapeutic decisions based upon clinical staging.},
  author={Bell, Martin J and Ternberg, Jessie L and Feigin, Ralph D and Keating, James P and Marshall, Richard and Barton, Leslie and Brotherton, Thomas},
  journal={Annals of surgery},
  volume={187},
  number={1},
  pages={1},
  year={1978},
  publisher={Lippincott, Williams, and Wilkins}
}
